@article{bosma1996computation,
  title={On the computation of quadratic $2 $-class groups},
  author={Bosma, Wieb and Stevenhagen, Peter},
  journal={Journal de th{\'e}orie des nombres de Bordeaux},
  volume={8},
  number={2},
  pages={283--313},
  year={1996}
}

@article{pippenger1980evaluation,
     author = {Nicholas Pippenger},
     ISSN = {0097--5397},
     journal = {SIAM Journal on Computing},
     MR = {82c:10064},
     pages = {230--250},
     title = {{On the evaluation of powers and monomials}},
     volume = {9},
     year = {1980}
 }

@misc{cryptoeprint:2022:458,
    author       = {Benedikt BÃ¼nz and
		    Ben Fisch},
    title        = {Schwartz-Zippel for multilinear polynomials mod N},
    howpublished = {Cryptology ePrint Archive, Report 2022/458},
    year         = {2022},
    note         = {\url{https://ia.cr/2022/458}},
}
