@inproceedings{conf/eurocrypt/Wesolowski19,
  author    = {Benjamin Wesolowski},
  title     = {Efficient Verifiable Delay Functions},
  booktitle = {{EUROCRYPT} 2019, Part {III}},
  pages     = {379--407},
  year      = {2019},
  series    = {Lecture Notes in Computer Science},
  volume    = {11478},
  publisher = {Springer},
  doi       = {10.1007/978-3-030-17659-4\_13},
  editor    = {Yuval Ishai and
               Vincent Rijmen},
}

@article{journals/iacr/BonehBF18a,
  author    = {Dan Boneh and
               Benedikt B{\"{u}}nz and
               Ben Fisch},
  title     = {Batching Techniques for Accumulators with Applications to IOPs and
               Stateless Blockchains},
  journal   = {{IACR} Cryptology ePrint Archive},
  volume    = {2018},
  pages     = {1188},
  year      = {2018},
  url       = {https://eprint.iacr.org/2018/1188},
}

