@inproceedings{conf/icics/Sander99,
  author    = {Tomas Sander},
  title     = {Efficient Accumulators without Trapdoor Extended Abstracts},
  booktitle = {ICICS'99},
  editor    = {Vijay Varadharajan and
               Yi Mu},
  series    = {Lecture Notes in Computer Science},
  volume    = {1726},
  publisher = {Springer},
  pages     = {252--262},
  year      = {1999},
  doi       = {10.1007/978-3-540-47942-0\_21},
}

@inproceedings{PKC/BucHam01,
  title={A survey on IQ cryptography},
  author={Johannes Buchmann and Safuat Hamdy},
  booktitle={Public-Key Cryptography and Computational Number Theory},
  pages={1--15},
  year={2001}
}

@inproceedings{web/Stra19,
  title = {Class Groups for Cryptographic Accumulators},
  author = {Michael Straka},
  year = {2019},
  url = {https://www.michaelstraka.com/posts/classgroups/}
}

@inproceedings{jtn/BosSte96,
  title = {On the Computation of Quadratic 2-Class Groups},
  author = {Wieb Bosma and Peter Stevenhagen},
  year = {1996},
  booktitle = {Journal de Theorie des Nombres},
}